% Encoding: UTF-8

@BOOK{DayakAdamov,
  title = {Dayak -- BD},
  publisher = {{\'E}ditions Gl{\'e}nat.},
  year = {1993, 1994, 1997},
  author = {Adamov},
  abstract = {Dayak, Gl{\'e}nat, coll. « Caract{\`e}re » :
	
	    Ghetto 9, 1993.
	
	    La Chambre verte, 1994.
	
	    Zaks, 1997.},
  url = {https://fr.wikipedia.org/wiki/Philippe_Adamov}
}

@BOOK{OndeChocJB,
  title = {Sur l'onde de choc},
  publisher = {Livre de Poche.},
  year = {1975},
  author = {Brunner, John},
  abstract = {https://en.wikipedia.org/wiki/The_Shockwave_Rider},
  url = {https://fr.wikipedia.org/wiki/Sur_l%27onde_de_choc}
}

@BOOK{ShockwaveRiderJB,
  title = {The Shockwave Rider},
  publisher = {Harper \& Row},
  year = {1975},
  author = {Brunner, John},
  abstract = {The Shockwave Rider is a science fiction novel by John Brunner, originally
	published in 1975. It is notable for its hero's use of computer hacking
	skills to escape pursuit in a dystopian future, and for the coining
	of the word "worm" to describe a program that propagates itself through
	a computer network. It also introduces the concept of a Delphi pool,[3]
	perhaps derived from the RAND Corporation's Delphi method - a futures
	market on world events which bears close resemblance to DARPA's controversial
	and cancelled Policy Analysis Market.},
  url = {https://en.wikipedia.org/wiki/The_Shockwave_Rider}
}

@BOOK{SwapSwapRC,
  title = {Swap-swap},
  publisher = {J'ai Lu.},
  year = {1990},
  author = {Canal, Richard},
  url = {https://fr.wikipedia.org/wiki/Richard_Canal}
}

@BOOK{CarmenMcCallumDG,
  title = {Carmen Mc Callum -- s{\'e}rie BD},
  publisher = {{\'E}ditions Delcourt.},
  year = {1995 {\`a} 2011+},
  author = {Duval and Guess},
  abstract = {Carmen Mc Callum est une s{\'e}rie de bande dessin{\'e}e fran\c{c}aise de science-fiction.
	
	
	    Sc{\'e}nario : Fred Duval
	
	    Dessins : Gess (jusqu'au tome 8), Emem ({\`a} partir du tome 9)
	
	    Couleurs : Florence Breton (tomes 1 et 2), Isabelle Rabarot (tomes
	3 {\`a} 8), Gess (tome 8), Pierre Schelle (tomes 9 {\`a} 11)
	
	
	La s{\'e}rie Carmen Mc Callum se d{\'e}roule dans le m{\^e}me univers que Travis.
	Ici aussi les intelligences artificielles sont omnipr{\'e}sentes, ainsi
	que les nanotechnologies, les biotechnologies et les multinationales
	surpuissantes.
	
	Sommaire
	
	
	    1 Personnages
	
	    2 Albums
	
	        2.1 1er cycle : L'affaire Sonoda
	
	        2.2 2e cycle : Dossier Earp
	
	        2.3 3e cycle : La question E.G.M.
	
	        2.4 4e cycle
	
	    3 Publication
	
	        3.1 {\'E}diteurs
	
	    4 Voir aussi
	
	
	Personnages
	
	
	    Carmen Mc Callum, mercenaire d'origine espagnole et irlandaise,
	ancienne activiste de l' IRA recompos{\'e}e
	
	    John Russel, alias Jack Reeves
	
	    Seaside Johnny, aborig{\`e}ne australien
	
	    Naoko Sonoda, cryod{\'e}tenue en fuite, puis militaire de l'ONU
	
	    Capitaine Scott Brennan, de la police australienne, ex-rugbyman
	
	    Mr Young, des services secrets de l'ONU
	
	    Bugg (ou Buggs), hacker vivant sur la Lune
	
	
	Albums
	
	1er cycle : L'affaire Sonoda
	
	
	Synopsis Dans un futur proche (2053), les d{\'e}tenus sont cryog{\'e}nis{\'e}s
	en attente de leur jugement. La mercenaire Carmen Mc Callum fait
	{\'e}vader Naoko Sonoda pour le compte de son fr{\`e}re Tomii, yakuza, puis
	lui {\'e}chappe avec l'aide de Russel et Seaside Johnny. Ils s'enfuient
	avec des donn{\'e}es dont Inoshiro Tsuburaya a besoin pour r{\'e}aliser la
	fusion de son esprit avec une intelligence artificielle.
	
	
	Albums
	
	
	    Tome 1 : Jukurpa (1995)
	
	    co-sc{\'e}nariste Olivier Vatine, design Fred Blanchard
	
	    Tome 2 : Mare tranquilitatis (1996)
	
	    Tome 3 : Intrusions (1997)
	
	
	Personnages
	
	
	    Inoshiro Tsuburaya, chef d'une organisation mafieuse japonaise
	
	    Inspecteur Eiji Shimura, de la police de Tokyo
	
	    Elena Dinova, journaliste vedette de Pacific Holovista (appara{\^i}t
	aussi dans Travis)
	
	
	{\`A} noter Une r{\'e}{\'e}dition regroupant les trois premiers volumes de l'Affaire
	Sonoda est paru en 2004.
	
	2e cycle : Dossier Earp
	
	
	Synopsis
	
	
	Carmen Mc Callum enl{\`e}ve Samuel Earp et le livre {\`a} l'ONU, mais il place
	(gr{\^a}ce {\`a} sa liaison neurale {\`a} Internet) quatre bombes {\`a} Houston,
	Chicago, San Francisco et Boston pour n{\'e}gocier sa libert{\'e}. Des habitants
	du Nevada aimeraient bien s'emparer de lui, eux aussi, pour lui faire
	payer un crime pass{\'e}.
	
	
	Albums
	
	
	    Tome 4 : Samuel Earp (1999)
	
	    Tome 5 : Deus ex machina (2000)
	
	
	Personnages
	
	
	    Samuel Earp, gros industriel sur le march{\'e} des nanotechnologies
	et biotechnologies, marchand d'armes
	
	    Willian Kent, miracul{\'e} lors d'un drame technologique au Nevada
	
	
	3e cycle : La question E.G.M.
	
	
	Synopsis
	
	
	John Russel dispara{\^i}t et Carmen, malgr{\'e} de longues recherches, n'arrive
	pas {\`a} le retrouver. Scott Brennan fait appel {\`a} elle pour {\'e}lucider
	la mort d'un vieil ami {\`a} lui.
	
	
	Albums
	
	
	    Tome 6 : Le Sixi{\`e}me Doigt du Penjab (2003)
	
	    Tome 7 : L'Appel de Ba{\"i}konour (2005)
	
	    Tome 8 : Dans le Vide de Kirkwood (2007)
	
	
	Personnages
	
	
	    Raj Kapoor, agrog{\'e}n{\'e}ticien pour Transgenic (voir Travis)
	
	
	4e cycle
	
	
	Synopsis
	
	
	En vengeant la mort de John Russel, Carmen se retrouve impliqu{\'e}e malgr{\'e}
	elle dans une lutte pour le contr{\^o}le de l'eau.
	
	
	Albums
	
	
	    Tome 9 : Vendetta (2009)
	
	    Tome 10 : Mazzere (2010)
	
	    Tome 11 : Noum{\'e}a-Tchamba (2011)
	
	
	Personnages
	
	
	    Dommy, intelligence artificielle {\'e}mancip{\'e}e (voir Travis)
	
	
	Publication
	
	{\'E}diteurs
	
	
	    Delcourt (Collection Neopolis) : Tomes 1 {\`a} 11 (premi{\`e}re {\'e}dition
	des tomes 1 {\`a} 11).
	
	
	Voir aussi
	
	
	    Carmen+Travis
	
	    Code Mc Callum
	
	    Travis
	
	    Travis Karmatronics},
  url = {https://fr.wikipedia.org/wiki/Carmen_Mc_Callum}
}

@BOOK{GraviteManqueGAE,
  title = {Gravit{\'e} {\`a} la manque},
  publisher = {Pr{\'e}sence du Futur.},
  year = {1987},
  author = {Effinger, Georges Alec},
  url = {https://en.wikipedia.org/wiki/When_Gravity_Fails}
}

@BOOK{MonaLisaWG,
  title = {Mona Lisa s'{\'e}clate},
  publisher = {J'ai Lu.},
  year = {1988},
  author = {Gibson, William},
  url = {https://en.wikipedia.org/wiki/Mona_Lisa_Overdrive}
}

@BOOK{ComteZeroWG,
  title = {Comte Z{\'e}ro},
  publisher = {J'ai Lu},
  year = {1986},
  author = {Gibson, William},
  url = {https://en.wikipedia.org/wiki/Count_Zero}
}

@BOOK{NeuromancienGB,
  title = {Neuromancien},
  publisher = {J'ai Lu.},
  year = {1984},
  author = {Gibson, William},
  url = {https://fr.wikipedia.org/wiki/Neuromancien}
}

@BOOK{GraveChromeWG,
  title = {Grav{\'e} sur Chrome (nouvelles)},
  publisher = {La d{\'e}couverte.},
  year = {1982},
  author = {Gibson, William},
  url = {https://en.wikipedia.org/wiki/Burning_Chrome}
}

@BOOK{ConvoiSTGP,
  title = {Convoi -- BD},
  publisher = {Humano{\"i}des Associ{\'e}s.},
  year = {1991-1995 et 2004},
  author = {Smolderen, Thierry and Gauckler, Philippe},
  abstract = {https://fr.wikipedia.org/wiki/Thierry_Smolderen
	
	ConvoiTM (initialement Karen Springwell), avec Philippe Gauckler,
	Les Humano{\"i}des associ{\'e}s :
	
	    Convoi, 1990 (ISBN 2-7316-0758-0)
	
	    Les prisonniers de Convoi, 1991 (ISBN 2-7316-0751-3)
	
	    Les joueurs de Convoi, 1993 (ISBN 2-7316-1034-4)
	
	    Le ciel de Convoi, 1995 (ISBN 2-7316-1074-3)
	
	
	https://fr.wikipedia.org/wiki/Philippe_Gauckler
	
	Convoi, Les Humano{\"i}des Associ{\'e}s, juin 2004.
	
	Sc{\'e}nario et dessin : Philippe Gauckler},
  owner = {ChandesrisG},
  timestamp = {2012.08.31}
}

@BOOK{RockMachineNS,
  title = {Rock Machine},
  publisher = {Ailleurs \& Demain.},
  year = {1987},
  author = {Spinrad, Norman},
  url = {https://fr.wikipedia.org/wiki/Norman_Spinrad}
}

@BOOK{MaillesReseauBS,
  title = {Les mailles du r{\'e}seau},
  publisher = {Pr{\'e}sence du Futur.},
  year = {1988},
  author = {Sterling, Bruce},
  url = {https://en.wikipedia.org/wiki/Islands_in_the_Net}
}

@BOOK{MozartVerresMiroirsBS,
  title = {Mozart en verres miroirs -- Anthologie},
  publisher = {Pr{\'e}sence du Futur.},
  year = {1987},
  author = {Sterling, Bruce},
  abstract = {Mozart en verres miroirs regroupe douze nouvelles :
	
	
	    Le Continuum Gernsback ; William Gibson ;
	
	    Des yeux de serpent ; Tom Maddox ;
	
	    Rock toujours — Pat Cadigan ;
	
	    Les M{\'e}saventures de Houdini — Rudy Rucker ;
	
	    Les 400 — Marc Laidlaw ;
	
	    Solstice — James Patrick Kelly ;
	
	    Petra — Greg Bear ;
	
	    Le Jour o{\`u} des voix humaines nous {\'e}veilleront — Lewis Shiner ;
	
	    Freezone — John Shirley ;
	
	    Pierre vit — Paul Di Filippo ;
	
	    {\'E}toile rouge, orbite gel{\'e}e — Bruce Sterling et William Gibson
	;
	
	    Mozart en verres miroirs — Bruce Sterling et Lewis Shiner.},
  url = {https://fr.wikipedia.org/wiki/Mozart_en_verres_miroirs}
}

@BOOK{FrappezEntreeJV,
  title = {Frappez: entr{\'e}e},
  publisher = {{\'E}toile Double -- Deno{\"e}l},
  year = {1985},
  author = {Varley, John}
}

@BOOK{SouffleCycloneWJW,
  title = {Le souffle du cyclone, Walter Jon Williams,},
  publisher = {Pr{\'e}sence du Futur.},
  year = {1988},
  author = {Williams, Walter Jon},
  url = {https://en.wikipedia.org/wiki/Voice_of_the_Whirlwind}
}

@BOOK{CableWJW,
  title = {C{\^a}bl{\'e}},
  publisher = {Pr{\'e}sence du Futur},
  year = {1987},
  author = {Williams, Walter Jon},
  url = {https://en.wikipedia.org/wiki/Hardwired_(novel)}
}

@Book{IntegraleConvoi,
  title  = {Intégrale Convoi(TM)},
  year   = {2004},
  author = {Smolderen and Gauckler},
  editor = {Les Humanoïdes Associés},
  isbn   = {978-2-7316-1273-8},
}

@Book{IntegraleDallasBarr,
  title  = {Intégrale Dallas Barr},
  year   = {2008},
  author = {Marvano and Haldeman},
  editor = {Le Lombard},
  isbn   = {978-2-8036-2488-1},
}

@Book{IntegraleGhostMoney,
  title  = {Intégrale Ghost Money},
  year   = {2018},
  author = {Smolderen and Bertail},
  editor = {Dargaud},
  isbn   = {978-2-2050-7822-0},
}

@Comment{jabref-meta: databaseType:bibtex;}
