% This file was created with JabRef 2.4.2.

@BOOK{ArcanesLeDossierKaradine,
  title = {Le Dossier Karadine},
  year = {2004},
  author = {Jean-Pierre Pécau (Scénario) and Bojan KovaCeviC (Dessin) and Damour (Storyboard) and Isabelle Rabarot (Couleurs) and Fred Blanchard (Design des cartes) and Schelle \& Rosa (Mise en couleurs de la couverture)},
  publisher = {Éditions Delcourt, Label SérieB},
  isbn = {978-2-84055-895-5}
}

@BOOK{ArcanesLaDameDePrague,
  title = {La Dame de Prague},
  year = {2001},
  author = {Jean-Pierre Pécau (Scénario) and Roland Pignault (Dessin) and Isabelle Rabarot (Couleurs) and Sergio Layout (Storyboard) and Ron Crob' (Design) and Schelle \& Rosa (Mise en couleurs de la couverture)},
  publisher = {Éditions Delcourt, Label SérieB},
  isbn = {978-2-84055-415-1}
}

@BOOK{ArcanesLeBaronFantome,
  title = {Le Baron Fantôme},
  year = {1998},
  author = {Jean-Pierre Pécau (Scénario) and Frédéric Campoy et Roland Pignault (Dessin) and Isabelle Rabarot (Couleurs) and Sergio Layout (Storyboard) and Ron Crob' (Design) and Schelle \& Rosa (Mise en couleurs de la couverture)},
  publisher = {Éditions Delcourt, Label SérieB},
  isbn = {978-2-84055-210-8}
}

@ELECTRONIC{ArcanesJdRa,
  title = {Arcanes (jeu de rôle générique)},
  year = {mardi 10 juin 2008},
  author = {Philippe Tromeur},
  url = {http://philippe.tromeur.free.fr/53/arcanes.pdf}
}

@BOOK{ArcanesIntegraleTomes1a5,
  title = {Arcanes, Intégrale des tomes 1 à 5},
  year = {2022},
  author = {Jean-Pierre Pécau (Scénario) and Frédéric Campoy et Roland Pignault et Bojan Kovacevic (Dessin) and Isabelle Rabarot (Couleurs) and Sergio Layout (Storyboard) and Ron Crob' (Design) and Schelle \& Rosa (Mise en couleurs de la couverture)},
  publisher = {Éditions Delcourt, Label SérieB},
  isbn = {978-2-413-01868}
}

@BOOK{ArcanesIntegraleTomes6a10,
  title = {Arcanes, Intégrale des tomes 6 à 10},
  year = {2023},
  author = {Jean-Pierre Pécau (Scénario) and Dejan Nenadov (Dessin) and Jean-Paul Fernandea (Couleurs) and Damien (Storyboard)},
  publisher = {Éditions Delcourt, Label SérieB},
  isbn = {978-2-413-02415-2}
}

